%% This BibTeX bibliography file was created using BibDesk.
%% http://bibdesk.sourceforge.net/

@misc{altcyc,
author = "{Altera Corporation}",
title = "{Cyclone III Device Datashee}",
url="{http://www.altera.co.uk/literature/hb/cyc3/cyc3\_ciii52001.pdf}",
date={1/5/13}
}
@misc{USLoM, 
author = "{United States Library of Medicine}",
title = "{What is DNA?}",
url = "{http://ghr.nlm.nih.gov/handbook/basics/dna}"
}
@article{warren2007assembling,
  title={Assembling millions of short DNA sequences using SSAKE},
  author={Warren, Ren{\'e} L and Sutton, Granger G and Jones, Steven JM and Holt, Robert A},
  journal={Bioinformatics},
  volume={23},
  number={4},
  pages={500--501},
  year={2007},
  publisher={Oxford Univ Press}
}
@article{lin2011comparative,
  title={Comparative studies of de novo assembly tools for next-generation sequencing technologies},
  author={Lin, Yong and Li, Jian and Shen, Hui and Zhang, Lei and Papasian, Christopher J and others},
  journal={Bioinformatics},
  volume={27},
  number={15},
  pages={2031--2037},
  year={2011},
  publisher={Oxford Univ Press}
}
@inproceedings{Fowers:2012:PEC:2145694.2145704,
 author = {Fowers, Jeremy and Brown, Greg and Cooke, Patrick and Stitt, Greg},
 title = {A performance and energy comparison of FPGAs, GPUs, and multicores for sliding-window applications},
 booktitle = {Proceedings of the ACM/SIGDA international symposium on Field Programmable Gate Arrays},
 series = {FPGA '12},
 year = {2012},
 isbn = {978-1-4503-1155-7},
 location = {Monterey, California, USA},
 pages = {47--56},
 numpages = {10},
 url = {http://doi.acm.org/10.1145/2145694.2145704},
 doi = {10.1145/2145694.2145704},
 acmid = {2145704},
 publisher = {ACM},
 address = {New York, NY, USA},
 keywords = {FPGA, GPU, multicore, parallelism, sliding window, speedup},
} 
@www{ABySS,
author = "{SEQ Answers}",
title={AByss},
url="{http://seqanswers.com/wiki/ABySS}"
}
@misc{FTDI,
author = {FTDI},
title = {USB RS232 Cables},
url = "{http://www.ftdichip.com/Products/Cables/USBRS232.htm}"
}
@misc{BLAST,
author = "{National Center for Biotechnology Information}",
title="{Query Input and database selection}",
url="{http://www.ncbi.nlm.nih.gov/BLAST/blastcgihelp.shtml}"
}


@webpage{SSAKEDOWNLOAD,
author = "{British Columbia Cancer Agency}",
title="{SSAKE Download Page}",
url="{http://www.bcgsc.ca/platform/bioinfo/software/abyss}"
}
@misc{ABYSSDOWNLOAD,
author = "{British Columbia Cancer Agency}",
title="{ABYSS Download Page}",
url="{http://www.bcgsc.ca/platform/bioinfo/software/ssake}"
}



@article{zerbino2008velvet,
  title={Velvet: algorithms for de novo short read assembly using de Bruijn graphs},
  author={Zerbino, Daniel R and Birney, Ewan},
  journal={Genome research},
  volume={18},
  number={5},
  pages={821--829},
  year={2008},
  publisher={Cold Spring Harbor Lab}
}
@article{simpson2009abyss,
  title={ABySS: a parallel assembler for short read sequence data},
  author={Simpson, Jared T and Wong, Kim and Jackman, Shaun D and Schein, Jacqueline E and Jones, Steven JM and Birol, {\.I}nan{\c{c}}},
  journal={Genome research},
  volume={19},
  number={6},
  pages={1117--1123},
  year={2009},
  publisher={Cold Spring Harbor Lab}
}
@misc{velvetdownload,
url="http://www.ebi.ac.uk/~zerbino/velvet/",
title="{Velvet, Sequence Assembler for Short Reads}",
author="{European Bioinformatics Institute}"
}
@misc{ribbon,
author = "{Thomas and Betts}",
file = {:Users/jamesrose/Library/Application Support/Mendeley Desktop/Downloaded/1f411173980c695a06202958f7ce4c03982e1d95.pdf:pdf},
pages = {7766},
title = {{Ribbon Cable Data Sheet}},
url = {http://docs-europe.electrocomponents.com/webdocs/0029/0900766b800295b1.pdf},
volume = {88}
}

@inproceedings{clark2005using,
  title={Using an fpga as a prototyping platform for multi-core processor applications},
  author={Clark, Christopher R and Nathuji, Ripal and Lee, Hsien-Hsin S},
  booktitle={WARFP-2005: Workshop on Architecture Research using FPGA Platforms},
  year={2005}
}
@inproceedings{varma2013fassem,
  title={FAssem: FPGA based Acceleration of De Novo Genome Assembly},
  author={Varma, Sharat Chandra and Kolin, Paul and Balakrishnan, M and Lavenier, Dominique and others},
  booktitle={Proceeding of The 21st Annual International IEEE Symposium on Field Programmable Custom Computing Machines},
  year={2013}
}

@INPROCEEDINGS{5489221, 
author={Al Junid, S.A.M. and Haron, M.A. and Abd Majid, Z. and Osman, F.N. and Hashim, H. and Idros, M. F M and Dohad, M. R.}, 
booktitle={Mathematical/Analytical Modelling and Computer Simulation (AMS), 2010 Fourth Asia International Conference on}, 
title={Optimization of DNA Sequences Data to Accelerate DNA Sequence Alignment on FPGA}, 
year={2010}, 
pages={231-236}, 
keywords={DNA;biology computing;data compression;field programmable gate arrays;optimisation;Altera Cyclone II 2C70 FPGA;DNA sequences alignment;Quartus 2 version 7.2 simulator tools;data compression technique;optimization technique;Acceleration;Analytical models;Cyclones;DNA computing;Data communication;Data compression;Design optimization;Field programmable gate arrays;Hardware;Sequences;DNA sequence alignment;Data Compression;FPGA;Smith-Waterman algorithm;bioinformatic}, 
doi={10.1109/AMS.2010.54}}

@INPROCEEDINGS{4786759, 
author={Al Junid, S.A.M. and Majid, Z.A. and Halim, A.K.}, 
booktitle={Electronic Design, 2008. ICED 2008. International Conference on}, 
title={High speed DNA sequencing accelerator using FPGA}, 
year={2008}, 
pages={1-4}, 
keywords={DNA;field programmable gate arrays;genetic algorithms;genetic engineering;FPGA;Smith-Waterman algorithm;computational molecular biology;high speed DNA sequencing accelerator;sequence database;Biology computing;Clustering algorithms;Computational biology;DNA computing;Databases;Delay;Field programmable gate arrays;Hardware design languages;Parallel processing;Sequences;DNA Sequencing;FPGA;Parallelism;Smith-Waterman algorithm}, 
doi={10.1109/ICED.2008.4786759},}


@article{shendure2008next,
  title={Next-generation DNA sequencing},
  author={Shendure, Jay and Ji, Hanlee},
  journal={Nature biotechnology},
  volume={26},
  number={10},
  pages={1135--1145},
  year={2008},
  publisher={Nature Publishing Group}
}
@article{mandelkern1981dimensions,
  title={The dimensions of DNA in solution},
  author={Mandelkern, Marshal and Elias, John G and Eden, Don and Crothers, Donald M},
  journal={Journal of molecular biology},
  volume={152},
  number={1},
  pages={153--161},
  year={1981},
  publisher={Elsevier}
}
@inproceedings{hu2012cmos,
  title={A CMOS architecture allowing parallel DNA comparison for on-chip assembly},
  author={Hu, Yuanqi and Liu, Yan and Toumazou, Christofer and Georgiou, Pantelis},
  booktitle={Circuits and Systems (ISCAS), 2012 IEEE International Symposium on},
  pages={1544--1547},
  year={2012},
  organization={IEEE}
}

@article{rothberg2011integrated,
  title={An integrated semiconductor device enabling non-optical genome sequencing},
  author={Rothberg, Jonathan M and Hinz, Wolfgang and Rearick, Todd M and Schultz, Jonathan and Mileski, William and Davey, Mel and Leamon, John H and Johnson, Kim and Milgrew, Mark J and Edwards, Matthew and others},
  journal={Nature},
  volume={475},
  number={7356},
  pages={348--352},
  year={2011},
  publisher={Nature Publishing Group}
}
%% Saved with string encoding Unicode (UTF-8) 
@article{fakhrai2002pyrosequencing,
  title="{Pyrosequencingâ„¢: an accurate detection platform for single nucleotide polymorphisms}",
  author={Fakhrai-Rad, Hossein and Pourmand, Nader and Ronaghi, Mostafa},
  journal={Human mutation},
  volume={19},
  number={5},
  pages={479--485},
  year={2002},
  publisher={Wiley Online Library}
}

@article{ronaghi1996real,
  title={Real-time DNA sequencing using detection of pyrophosphate release},
  author={Ronaghi, Mostafa and Karamohamed, Samer and Pettersson, Bertil and Uhl{\'e}n, Mathias and Nyr{\'e}n, P{\aa}l and others},
  journal={Analytical biochemistry},
  volume={242},
  number={1},
  pages={84--89},
  year={1996},
  publisher={Elsevier Science}
}
@article{ronaghi2001pyrosequencing,
  title={Pyrosequencing sheds light on DNA sequencing},
  author={Ronaghi, Mostafa},
  journal={Genome research},
  volume={11},
  number={1},
  pages={3--11},
  year={2001},
  publisher={Cold Spring Harbor Lab}
}
@article{huse2007accuracy,
  title={Accuracy and quality of massively parallel DNA pyrosequencing},
  author={Huse, Susan M and Huber, Julie A and Morrison, Hilary G and Sogin, Mitchell L and Welch, David Mark and others},
  journal={Genome biol},
  volume={8},
  number={7},
  pages={R143},
  year={2007}
}

@article{wong2010pg,
  title={PG-ISFET based DNA-logic for reaction monitoring},
  author={Wong, W and Georgiou, P and Ou, C-P and Toumazou, C},
  journal={Electronics letters},
  volume={46},
  number={5},
  pages={330--332},
  year={2010},
  publisher={IET}
}
@webpage{Monsanto,
	Date-Added = {2013-06-03 08:41:57 +0000},
	Date-Modified = {2013-06-03 08:41:57 +0000},
	Lastchecked = {Monday, 3 June 2013},
	Title = {Anual Report, Monsanto Co},
    author = {The Securities and Exchange Commission}
    	
	Bdsk-Url-1 = {http://pdf.secdatabase.com/2347/0000950123-11-101537.pdf}}

@misc{HGP2,
	Author = {{United States Government Department of Energy}},
	Title = {THE Science Behind the Human Genome Project},
	Url = {http://www.ornl.gov/sci/techresources/Human\_Genome/project/info.shtml},
	Urldate = {2013},
	Bdsk-Url-2 = {http://www.ornl.gov/sci/techresources/Human\_Genome/project/info.shtml}
	}
	
@misc{HGP,
	Author = {{United States Government Department of Energy}},
	Bdsk-Url-1 = {{http://www.ornl.gov/sci/techresources/Human\_Genome/project/timeline.shtml}},
	Title = {Major Events in the U.S. Human Genome Project and Related Projects},
	Url = {{http://www.ornl.gov/sci/techresources/Human\_Genome/project/timeline.shtml}},
	Urldate = {2013},
	Bdsk-Url-2 = {%7Bhttp://www.ornl.gov/sci/techresources/Human%5C_Genome/project/timeline.shtml%7D}}

@inproceedings{hu2012cmos,
	Author = {Hu, Yuanqi and Liu, Yan and Toumazou, Christofer and Georgiou, Pantelis},
	Booktitle = {Circuits and Systems (ISCAS), 2012 IEEE International Symposium on},
	Organization = {IEEE},
	Pages = {1544--1547},
	Title = {{A CMOS architecture allowing parallel DNA comparison for on-chip assembly}},
	Year = {2012}}

@article{zhang2011practical,
	Author = {Zhang, Wenyu and Chen, Jiajia and Yang, Yang and Tang, Yifei and Shang, Jing and Shen, Bairong},
	Journal = {PloS one},
	Number = {3},
	Pages = {e17915},
	Publisher = {Public Library of Science},
	Title = {{A practical comparison of de novo genome assembly software tools for next-generation sequencing technologies}},
	Volume = {6},
	Year = {2011}}

@article{bentley2008accurate,
	Author = {Bentley, David R and Balasubramanian, Shankar and Swerdlow, Harold P and Smith, Geoffrey P and Milton, John and Brown, Clive G and Hall, Kevin P and Evers, Dirk J and Barnes, Colin L and Bignell, Helen R and Others},
	Journal = {Nature},
	Number = {7218},
	Pages = {53--59},
	Publisher = {Nature Publishing Group},
	Title = {{Accurate whole human genome sequencing using reversible terminator chemistry}},
	Volume = {456},
	Year = {2008}}

@article{rothberg2011integrated,
	Author = {Rothberg, Jonathan M and Hinz, Wolfgang and Rearick, Todd M and Schultz, Jonathan and Mileski, William and Davey, Mel and Leamon, John H and Johnson, Kim and Milgrew, Mark J and Edwards, Matthew and Others},
	Journal = {Nature},
	Number = {7356},
	Pages = {348--352},
	Publisher = {Nature Publishing Group},
	Title = {{An integrated semiconductor device enabling non-optical genome sequencing}},
	Volume = {475},
	Year = {2011}}

@article{miller2010assembly,
	Author = {Miller, Jason R and Koren, Sergey and Sutton, Granger},
	Journal = {Genomics},
	Number = {6},
	Pages = {315},
	Publisher = {NIH Public Access},
	Title = {{Assembly algorithms for next-generation sequencing data}},
	Volume = {95},
	Year = {2010}}

@article{chang2005bee2,
	Author = {Chang, Chen and Wawrzynek, John and Brodersen, Robert W},
	Journal = {Design \& Test of Computers, IEEE},
	Number = {2},
	Pages = {114--125},
	Publisher = {IEEE},
	Title = {{BEE2: A high-end reconfigurable computing system}},
	Volume = {22},
	Year = {2005}}

@inproceedings{moore2012bluehive,
	Author = {Moore, Simon W and Fox, Paul J and Marsh, Steven J T and Markettos, A Theodore and Mujumdar, Alan},
	Booktitle = {Field-Programmable Custom Computing Machines (FCCM), 2012 IEEE 20th Annual International Symposium on},
	Organization = {IEEE},
	Pages = {133--140},
	Title = {{Bluehive-A field-programable custom computing machine for extreme-scale real-time neural network simulation}},
	Year = {2012}}

@article{narzisi2011comparing,
	Author = {Narzisi, Giuseppe and Mishra, Bud},
	Journal = {PLoS One},
	Number = {4},
	Pages = {e19175},
	Publisher = {Public Library of Science},
	Title = {{Comparing de novo genome assembly: the long and short of it}},
	Volume = {6},
	Year = {2011}}

@article{li2012comparison,
	Author = {Li, Zhenyu and Chen, Yanxiang and Mu, Desheng and Yuan, Jianying and Shi, Yujian and Zhang, Hao and Gan, Jun and Li, Nan and Hu, Xuesong and Liu, Binghang and Others},
	Journal = {Briefings in functional genomics},
	Number = {1},
	Pages = {25--37},
	Publisher = {Oxford University Press},
	Title = {{Comparison of the two major classes of assembly algorithms: overlap--layout--consensus and de-bruijn-graph}},
	Volume = {11},
	Year = {2012}}

@inproceedings{mencer2009cube,
	Author = {Mencer, Oskar and Tsoi, Kuen Hung and Craimer, Stephen and Todman, Timothy and Luk, Wayne and Wong, Ming Yee and Leong, Philip},
	Booktitle = {Programmable Logic, 2009. SPL. 5th Southern Conference on},
	Organization = {IEEE},
	Pages = {51--57},
	Title = {{Cube: A 512-fpga cluster}},
	Year = {2009}}

@inproceedings{lee2010debunking,
	Author = {Lee, Victor W and Kim, Changkyu and Chhugani, Jatin and Deisher, Michael and Kim, Daehyun and Nguyen, Anthony D and Satish, Nadathur and Smelyanskiy, Mikhail and Chennupaty, Srinivas and Hammarlund, Per and Others},
	Booktitle = {ACM SIGARCH Computer Architecture News},
	Number = {3},
	Organization = {ACM},
	Pages = {451--460},
	Title = {{Debunking the 100X GPU vs. CPU myth: an evaluation of throughput computing on CPU and GPU}},
	Volume = {38},
	Year = {2010}}

@inproceedings{brown2004dna,
	Author = {Brown, Benjamin O and Yin, M-L and Cheng, Yi},
	Booktitle = {Engineering in Medicine and Biology Society, 2004. IEMBS'04. 26th Annual International Conference of the IEEE},
	Organization = {IEEE},
	Pages = {3043--3046},
	Title = {{DNA sequence matching processor using FPGA and JAVA interface}},
	Volume = {2},
	Year = {2004}}

@inproceedings{sotiriades2006fpga,
	Author = {Sotiriades, Euripides and Kozanitis, Christos and Dollas, Apostolos},
	Booktitle = {Parallel and Distributed Processing Symposium, 2006. IPDPS 2006. 20th International},
	Organization = {IEEE},
	Pages = {8----pp},
	Title = {{FPGA based architecture for DNA sequence comparison and database search}},
	Year = {2006}}

@article{monmasson2007fpga,
	Author = {Monmasson, Eric and Cirstea, Marcian N},
	Journal = {Industrial Electronics, IEEE Transactions on},
	Number = {4},
	Pages = {1824--1842},
	Publisher = {IEEE},
	Title = {{FPGA design methodology for industrial control systems---A review}},
	Volume = {54},
	Year = {2007}}

@incollection{dydel2004large,
	Author = {Dydel, Stefan and Ba$\backslash$la, Piotr},
	Booktitle = {Field Programmable Logic and Application},
	Pages = {23--32},
	Publisher = {Springer},
	Title = {{Large scale protein sequence alignment using FPGA reprogrammable logic devices}},
	Year = {2004}}

@misc{Corporation,
	Author = {Corporation, Altera},
	Title = {{Nios II Software Developer's Handbook}},
	Url = {http://www.altera.co.uk/literature/hb/nios2/n2sw\_nii5v2.pdf},
	Urldate = {1/5/2013},
	Bdsk-Url-1 = {http://www.altera.co.uk/literature/hb/nios2/n2sw%5C_nii5v2.pdf}}

@misc{USPSTF,
	Author = {{United States Preventative Serices Task Force}},
	Date = {1/9/2005},
	Title = {Genetic Risk Assessment and BRCA Mutation Testing for Breast and Ovarian Cancer Susceptibility},
	Url = {http://www.uspreventiveservicestaskforce.org/uspstf05/brcagen/brcagenrs.htm},
	Urldate = {1/5/2013},
	Bdsk-Url-1 = {http://www.uspreventiveservicestaskforce.org/uspstf05/brcagen/brcagenrs.htm}}

@misc{genomelength,
	Author = {{Weizmann Institute of Science}},
	Title = {How Big are Genomes},
	Url = {http://www.weizmann.ac.il/plants/Milo/images/How\%20big\%20is\%20the\%20genome 120112Clean.pdf},
	Urldate = {2013},
	Bdsk-Url-1 = {http://www.weizmann.ac.il/plants/Milo/images/How%5C%20big%5C%20is%5C%20the%5C%20genome%20120112Clean.pdf}}

@article{rusk2010torrents,
	Author = {Rusk, Nicole},
	Journal = {Nature Methods},
	Number = {1},
	Pages = {44--44},
	Publisher = {Nature Publishing Group},
	Title = {Torrents of sequence},
	Volume = {8},
	Year = {2010}}

@article{parfrey2008dynamic,
	Author = {Parfrey, Laura Wegener and Lahr, Daniel JG and Katz, Laura A},
	Journal = {Molecular biology and evolution},
	Number = {4},
	Pages = {787--794},
	Publisher = {SMBE},
	Title = {The dynamic nature of eukaryotic genomes},
	Volume = {25},
	Year = {2008}}

@article{liu2012pasqual,
	Author = {Liu, Xing and Pande, P and Meyerhenke, Henning and Bader, D},
	Publisher = {IEEE},
	Title = {{PASQUAL: parallel techniques for next generation genome sequence assembly}},
	Year = {2012}}

@article{compton2002reconfigurable,
	Author = {Compton, Katherine and Hauck, Scott},
	Journal = {ACM Computing Surveys (csuR)},
	Number = {2},
	Pages = {171--210},
	Publisher = {ACM},
	Title = {{Reconfigurable computing: a survey of systems and software}},
	Volume = {34},
	Year = {2002}}

@article{todman2005reconfigurable,
	Author = {Todman, Timothy J and Constantinides, George A and Wilton, Steven J E and Mencer, Oskar and Luk, Wayne and Cheung, Peter Y K},
	Journal = {IEE Proceedings-Computers and Digital Techniques},
	Number = {2},
	Pages = {193--207},
	Publisher = {IET},
	Title = {{Reconfigurable computing: architectures and design methods}},
	Volume = {152},
	Year = {2005}}

@misc{Terasic,
	Author = {Terasic},
	Title = {{Terasic DE0}},
	Url = {http://www.terasic.com.tw/cgi-bin/page/archive.pl?No=364},
	Bdsk-Url-1 = {http://www.terasic.com.tw/cgi-bin/page/archive.pl?No=364}}

@misc{Institute2010,
	Author = {Institute, The National Human Genome Research},
	Title = {{What is a genome?}},
	Url = {http://www.genome.gov/11006943},
	Urldate = {1/5/13},
	Year = {2010},
	Bdsk-Url-1 = {http://www.genome.gov/11006943}}

@article{bentley2006whole,
	Author = {Bentley, David R},
	Journal = {Current opinion in genetics \& development},
	Number = {6},
	Pages = {545--552},
	Publisher = {Elsevier},
	Title = {{Whole-genome re-sequencing}},
	Volume = {16},
	Year = {2006}}

@article{Harismendy2009,
	Abstract = {Next generation sequencing (NGS) platforms are currently being utilized for targeted sequencing of candidate genes or genomic intervals to perform sequence-based association studies. To evaluate these platforms for this application, we analyzed human sequence generated by the Roche 454, Illumina GA, and the ABI SOLiD technologies for the same 260 kb in four individuals.},
	Author = {Harismendy, Olivier and Ng, Pauline C and Strausberg, Robert L and Wang, Xiaoyun and Stockwell, Timothy B and Beeson, Karen Y and Schork, Nicholas J and Murray, Sarah S and Topol, Eric J and Levy, Samuel and Frazer, Kelly a},
	Doi = {10.1186/gb-2009-10-3-r32},
	File = {:Users/jamesrose/Library/Application Support/Mendeley Desktop/Downloaded/992952bb900753a0bca51105e2e9e04dd1ae78ea.pdf:pdf},
	Issn = {1465-6914},
	Journal = {Genome biology},
	Keywords = {Base Sequence,Computer Simulation,False Positive Reactions,Genetics, Population,Genotype,Humans,Oligonucleotide Array Sequence Analysis,Polymorphism, Single Nucleotide,Polymorphism, Single Nucleotide: genetics,Sequence Alignment,Sequence Analysis, DNA,Sequence Analysis, DNA: instrumentation},
	Month = jan,
	Number = {3},
	Pages = {R32},
	Pmid = {19327155},
	Title = {{Evaluation of next generation sequencing platforms for population targeted sequencing studies.}},
	Url = {http://www.pubmedcentral.nih.gov/articlerender.fcgi?artid=2691003\&tool=pmcentrez\&rendertype=abstract},
	Volume = {10},
	Year = {2009},
	Bdsk-Url-1 = {http://www.pubmedcentral.nih.gov/articlerender.fcgi?artid=2691003%5C&tool=pmcentrez%5C&rendertype=abstract},
	Bdsk-Url-2 = {http://dx.doi.org/10.1186/gb-2009-10-3-r32}}
