% This file was created with JabRef 2.6.
% Encoding: Cp1252

@article{Mandelkern1981153,
title = "The dimensions of \{DNA\} in solution ",
journal = "Journal of Molecular Biology ",
volume = "152",
number = "1",
pages = "153 - 161",
year = "1981",
note = "",
issn = "0022-2836",
doi = "10.1016/0022-2836(81)90099-1",
url = "http://www.sciencedirect.com/science/article/pii/0022283681900991",
author = "Marshal Mandelkern and John G. Elias and Don Eden and Donald M. Crothers"
}

